@book{goodfellow2016deep,
  title={Deep learning},
  author={Goodfellow, Ian and Bengio, Yoshua and Courville, Aaron},
  year={2016},
  publisher={MIT press},
  location={Massachusetts}
} % przykładowe odwołanie do literatury typu książka (google scholar -> cytuj -> bibtex)

@article{min2017deep,
  title={Deep learning in bioinformatics},
  author={Min, Seonwoo and Lee, Byunghan and Yoon, Sungroh},
  journal={Briefings in bioinformatics},
  volume={18},
  number={5},
  pages={851--869},
  year={2017},
  publisher={Oxford University Press}
} % przykładowe odwołanie do literatury typu artykuł (google scholar -> cytuj -> bibtex)